@ARTICLE{Wright18,
   author = {{Wright}, N.~J. and {Mamajek}, E.~E.},
    title = "{The kinematics of the Scorpius-Centaurus OB association from Gaia DR1}",
  journal = {\mnras},
archivePrefix = "arXiv",
   eprint = {1801.08540},
 primaryClass = "astro-ph.SR",
 keywords = {stars: formation, stars: kinematics and dynamics, open clusters and associations: individual: Scorpius-Centaurus, Sco OB2, Upper Scorpius, Upper Centaurus-Lupus, Lower Centaurus-Crux},
     year = 2018,
    month = may,
   volume = 476,
    pages = {381-398},
      doi = {10.1093/mnras/sty207},
   adsurl = {http://adsabs.harvard.edu/abs/2018MNRAS.476..381W},
  adsnote = {Provided by the SAO/NASA Astrophysics Data System}
}

@ARTICLE{Canup02,
   author = {{Canup}, R.~M. and {Ward}, W.~R.},
    title = "{Formation of the Galilean Satellites: Conditions of
Accretion}",
  journal = {\aj},
 keywords = {Planets and Satellites: Formation, solar system},
     year = 2002,
    month = dec,
   volume = 124,
    pages = {3404-3423},
      doi = {10.1086/344684},
   adsurl = {http://adsabs.harvard.edu/abs/2002AJ....124.3404C},
  adsnote = {Provided by the SAO/NASA Astrophysics Data System}
}

@ARTICLE{Szulagyi14,
       author = {{Szul{\'a}gyi}, J. and {Morbidelli}, A. and {Crida}, A. and {Masset}, F.},
        title = "{Accretion of Jupiter-mass Planets in the Limit of Vanishing Viscosity}",
      journal = {\apj},
     keywords = {accretion, accretion disks, hydrodynamics, methods: numerical, planets and satellites: formation, planets and satellites: gaseous planets, protoplanetary disks, Astrophysics - Earth and Planetary Astrophysics},
         year = "2014",
        month = "Feb",
       volume = {782},
       number = {2},
          eid = {65},
        pages = {65},
          doi = {10.1088/0004-637X/782/2/65},
archivePrefix = {arXiv},
       eprint = {1312.6302},
 primaryClass = {astro-ph.EP},
       adsurl = {https://ui.adsabs.harvard.edu/abs/2014ApJ...782...65S},
      adsnote = {Provided by the SAO/NASA Astrophysics Data System}
}

@ARTICLE{Szulagyi17,
       author = {{Szul{\'a}gyi}, J. and {Mayer}, L. and {Quinn}, T.},
        title = "{Circumplanetary discs around young giant planets: a comparison between core-accretion and disc instability}",
      journal = {\mnras},
     keywords = {accretion, accretion discs, hydrodynamics, methods: numerical, planets and satellites: formation, planet-disc interactions, Astrophysics - Earth and Planetary Astrophysics},
         year = "2017",
        month = "Jan",
       volume = {464},
       number = {3},
        pages = {3158-3168},
          doi = {10.1093/mnras/stw2617},
archivePrefix = {arXiv},
       eprint = {1610.01791},
 primaryClass = {astro-ph.EP},
       adsurl = {https://ui.adsabs.harvard.edu/abs/2017MNRAS.464.3158S},
      adsnote = {Provided by the SAO/NASA Astrophysics Data System}
}


@ARTICLE{Perez19,
       author = {{P{\'e}rez}, Sebasti{\'a}n and {Marino}, Sebasti{\'a}n and
         {Casassus}, Simon and {Baruteau}, Cl{\'e}ment and {Zurlo}, Alice and
         {Flores}, Christian and {Chauvin}, Gael},
        title = "{Upper limits on protolunar disc masses using ALMA observations of directly imaged exoplanets}",
      journal = {\mnras},
     keywords = {planets and satellites: detection, planets and satellites: formation, submillimetre: planetary systems, Astrophysics - Earth and Planetary Astrophysics},
         year = "2019",
        month = "Sep",
       volume = {488},
       number = {1},
        pages = {1005-1011},
          doi = {10.1093/mnras/stz1775},
archivePrefix = {arXiv},
       eprint = {1906.11774},
 primaryClass = {astro-ph.EP},
       adsurl = {https://ui.adsabs.harvard.edu/abs/2019MNRAS.488.1005P},
      adsnote = {Provided by the SAO/NASA Astrophysics Data System}
}

@ARTICLE{Perez15,
       author = {{Perez}, Sebastian and {Dunhill}, A. and {Casassus}, S. and {Roman}, P. and
         {Szul{\'a}gyi}, J. and {Flores}, C. and {Marino}, S. and
         {Montesinos}, M.},
        title = "{Planet Formation Signposts: Observability of Circumplanetary Disks via Gas Kinematics}",
      journal = {\apjl},
     keywords = {planets and satellites: formation, planet─disk interactions, protoplanetary disks, Astrophysics - Earth and Planetary Astrophysics},
         year = "2015",
        month = "Sep",
       volume = {811},
       number = {1},
          eid = {L5},
        pages = {L5},
          doi = {10.1088/2041-8205/811/1/L5},
archivePrefix = {arXiv},
       eprint = {1505.06808},
 primaryClass = {astro-ph.EP},
       adsurl = {https://ui.adsabs.harvard.edu/abs/2015ApJ...811L...5P},
      adsnote = {Provided by the SAO/NASA Astrophysics Data System}
}



@ARTICLE{Mawet14,
   author = {{Mawet}, D. and {Milli}, J. and {Wahhaj}, Z. and {Pelat},
D. and·
    {Absil}, O. and {Delacroix}, C. and {Boccaletti}, A. and {Kasper},
M. and·
    {Kenworthy}, M. and {Marois}, C. and {Mennesson}, B. and {Pueyo}, L.
    },
    title = "{Fundamental Limitations of High Contrast Imaging Set by
Small Sample Statistics}",
  journal = {\apj},
archivePrefix = "arXiv",
   eprint = {1407.2247},
 primaryClass = "astro-ph.IM",
 keywords = {methods: statistical, techniques: high angular resolution
},
     year = 2014,
    month = sep,
   volume = 792,
      eid = {97},
    pages = {97},
      doi = {10.1088/0004-637X/792/2/97},
   adsurl = {http://adsabs.harvard.edu/abs/2014ApJ...792...97M},
  adsnote = {Provided by the SAO/NASA Astrophysics Data System}
}
@ARTICLE{Allard01,
       author = {{Allard}, France and {Hauschildt}, Peter H. and {Alexander}, David R. and
         {Tamanai}, Akemi and {Schweitzer}, Andreas},
        title = "{The Limiting Effects of Dust in Brown Dwarf Model Atmospheres}
",
      journal = {\apj},
     keywords = {Stars: Atmospheres, Stars: Fundamental Parameters, Stars: Low-Mass, Brown Dwarfs, Astrophysics},
         year = "2001",
        month = "Jul",
       volume = {556},
       number = {1},
        pages = {357-372},
          doi = {10.1086/321547},
archivePrefix = {arXiv},
       eprint = {astro-ph/0104256},
 primaryClass = {astro-ph},
       adsurl = {https://ui.adsabs.harvard.edu/abs/2001ApJ...556..357A},
      adsnote = {Provided by the SAO/NASA Astrophysics Data System}
}



@ARTICLE{Baraffe03,
   author = {{Baraffe}, I. and {Chabrier}, G. and {Barman}, T.~S. and {Allard}, F. and {Hauschildt}, P.~H.},
    title = "{Evolutionary models for cool brown dwarfs and extrasolar giant planets. The case of HD 209458}",
  journal = {\aap},
   eprint = {arXiv:astro-ph/0302293},
     year = 2003,
    month = may,
   volume = 402,
    pages = {701-712},
      doi = {10.1051/0004-6361:20030252},
   adsurl = {http://adsabs.harvard.edu/abs/2003A%26A...402..701B},
  adsnote = {Provided by the Smithsonian/NASA Astrophysics Data System}
}



@ARTICLE{Pojmanski02,
   author = {{Pojmanski}, G.},
    title = "{The All Sky Automated Survey. Catalog of Variable Stars.
I. 0 h - 6 hQuarter of the Southern Hemisphere}",
  journal = {\actaa},
   eprint = {astro-ph/0210283},
 keywords = {Catalogs, Stars: variables: general, Surveys},
     year = 2002,
    month = dec,
   volume = 52,
    pages = {397-427},
   adsurl = {http://adsabs.harvard.edu/abs/2002AcA....52..397P},
  adsnote = {Provided by the SAO/NASA Astrophysics Data System}
}



@ARTICLE{Bailer-Jones18,
       author = {{Bailer-Jones}, C.~A.~L. and {Rybizki}, J. and {Fouesneau}, M. and
         {Mantelet}, G. and {Andrae}, R.},
        title = "{Estimating Distance from Parallaxes. IV. Distances to 1.33 Billion Stars in Gaia Data Release 2}",
      journal = {\aj},
     keywords = {catalogs, Galaxy: structure, methods: statistical, stars: distances, Astrophysics - Solar and Stellar Astrophysics, Astrophysics - Astrophysics of Galaxies, Astrophysics - Instrumentation and Methods for Astrophysics},
         year = "2018",
        month = "Aug",
       volume = {156},
       number = {2},
          eid = {58},
        pages = {58},
          doi = {10.3847/1538-3881/aacb21},
archivePrefix = {arXiv},
       eprint = {1804.10121},
 primaryClass = {astro-ph.SR},
       adsurl = {https://ui.adsabs.harvard.edu/abs/2018AJ....156...58B},
      adsnote = {Provided by the SAO/NASA Astrophysics Data System}
}



@INPROCEEDINGS{Lenzen03,
   author = {{Lenzen}, R. and {Hartung}, M. and {Brandner}, W. and
{Finger}, G. and·
    {Hubin}, N.~N. and {Lacombe}, F. and {Lagrange}, A.-M. and
{Lehnert}, M.~D. and·
    {Moorwood}, A.~F.~M. and {Mouillet}, D.},
    title = "{NAOS-CONICA first on sky results in a variety of observing
modes}",
booktitle = {Society of Photo-Optical Instrumentation Engineers (SPIE)
Conference Series},
     year = 2003,
   series = {Society of Photo-Optical Instrumentation Engineers (SPIE)
Conference Series},
   volume = 4841,
   editor = {{Iye}, M. and {Moorwood}, A.~F.~M.},
    month = mar,
    pages = {944-952},
      doi = {10.1117/12.460044},
   adsurl = {http://adsabs.harvard.edu/abs/2003SPIE.4841..944L},
  adsnote = {Provided by the SAO/NASA Astrophysics Data System}
}


@INPROCEEDINGS{Rousset03,
   author = {{Rousset}, G. and {Lacombe}, F. and {Puget}, P. and
{Hubin}, N.~N. and·
    {Gendron}, E. and {Fusco}, T. and {Arsenault}, R. and {Charton}, J.
and·
    {Feautrier}, P. and {Gigan}, P. and {Kern}, P.~Y. and {Lagrange},
A.-M. and·
    {Madec}, P.-Y. and {Mouillet}, D. and {Rabaud}, D. and {Rabou}, P.
and·
    {Stadler}, E. and {Zins}, G.},
    title = "{NAOS, the first AO system of the VLT: on-sky
performance}",
booktitle = {Society of Photo-Optical Instrumentation Engineers (SPIE)
Conference Series},
     year = 2003,
   series = {Society of Photo-Optical Instrumentation Engineers (SPIE)
Conference Series},
   volume = 4839,
   editor = {{Wizinowich}, P.~L. and {Bonaccini}, D.},
    month = feb,
    pages = {140-149},
      doi = {10.1117/12.459332},
   adsurl = {http://adsabs.harvard.edu/abs/2003SPIE.4839..140R},
  adsnote = {Provided by the SAO/NASA Astrophysics Data System}
}


@ARTICLE{Marois06,
       author = {{Marois}, Christian and {Lafreni{\`e}re}, David and {Doyon}, Ren{\'e} and
         {Macintosh}, Bruce and {Nadeau}, Daniel},
        title = "{Angular Differential Imaging: A Powerful High-Contrast Imaging Technique}",
      journal = {\apj},
     keywords = {Instrumentation: Adaptive Optics, Stars: Planetary Systems, Stars: Imaging, Astrophysics},
         year = "2006",
        month = "Apr",
       volume = {641},
       number = {1},
        pages = {556-564},
          doi = {10.1086/500401},
archivePrefix = {arXiv},
       eprint = {astro-ph/0512335},
 primaryClass = {astro-ph},
       adsurl = {https://ui.adsabs.harvard.edu/abs/2006ApJ...641..556M},
      adsnote = {Provided by the SAO/NASA Astrophysics Data System}
}

@ARTICLE{Amara12,
   author = {{Amara}, A. and {Quanz}, S.~P.},
    title = "{PYNPOINT: an image processing package for finding
exoplanets}",
  journal = {\mnras},
 keywords = {methods: data analysis, techniques: image processing,
planets and satellites: detection},
     year = 2012,
    month = dec,
   volume = 427,
    pages = {948-955},
      doi = {10.1111/j.1365-2966.2012.21918.x},
   adsurl = {http://adsabs.harvard.edu/abs/2012MNRAS.427..948A},
  adsnote = {Provided by the SAO/NASA Astrophysics Data System}
}




@ARTICLE{Sutton19,
       author = {{Sutton}, Phil J.},
        title = "{Mean motion resonances with nearby moons: an unlikely origin for the gaps observed in the ring around the exoplanet J1407b}",
      journal = {\mnras},
     keywords = {planets and satellites: formation, planets and satellites: general, planets and satellites: rings, Astrophysics - Earth and Planetary Astrophysics},
         year = "2019",
        month = "Jun",
       volume = {486},
       number = {2},
        pages = {1681-1689},
          doi = {10.1093/mnras/stz563},
archivePrefix = {arXiv},
       eprint = {1902.09285},
 primaryClass = {astro-ph.EP},
       adsurl = {https://ui.adsabs.harvard.edu/abs/2019MNRAS.486.1681S},
      adsnote = {Provided by the SAO/NASA Astrophysics Data System}
}



@ARTICLE{2019MNRAS.tmp..555S,
   author = {{Sutton}, P.~J.},
    title = "{Mean motion resonances with nearby moons: an unlikely origin for the gaps observed in the ring around the exoplanet J1407b}",
  journal = {\mnras},
archivePrefix = "arXiv",
   eprint = {1902.09285},
 primaryClass = "astro-ph.EP",
 keywords = {planets and satellites: formation, Planetary Systems, planets and satellites: general, Planetary Systems, planets and satellites: rings, Planetary Systems},
     year = 2019,
    month = feb,
      doi = {10.1093/mnras/stz563},
   adsurl = {http://adsabs.harvard.edu/abs/2019MNRAS.tmp..555S},
  adsnote = {Provided by the SAO/NASA Astrophysics Data System}
}


@ARTICLE{Gaia18,
       author = {{Gaia Collaboration} and {Brown}, A.~G.~A. and {Vallenari}, A. and
         {Prusti}, T. and {de Bruijne}, J.~H.~J. and {Babusiaux}, C. and
         {Bailer-Jones}, C.~A.~L. and {Biermann}, M. and {Evans}, D.~W. and
         {Eyer}, L. and {Jansen}, F. and {Jordi}, C. and {Klioner}, S.~A. and
         {Lammers}, U. and {Lindegren}, L. and {Luri}, X. and {Mignard}, F. and
         {Panem}, C. and {Pourbaix}, D. and {Randich}, S. and {Sartoretti}, P. and
         {Siddiqui}, H.~I. and {Soubiran}, C. and {van Leeuwen}, F. and
         {Walton}, N.~A. and {Arenou}, F. and {Bastian}, U. and {Cropper}, M. and
         {Drimmel}, R. and {Katz}, D. and {Lattanzi}, M.~G. and {Bakker}, J. and
         {Cacciari}, C. and {Casta{\~n}eda}, J. and {Chaoul}, L. and
         {Cheek}, N. and {De Angeli}, F. and {Fabricius}, C. and {Guerra}, R. and
         {Holl}, B. and {Masana}, E. and {Messineo}, R. and {Mowlavi}, N. and
         {Nienartowicz}, K. and {Panuzzo}, P. and {Portell}, J. and
         {Riello}, M. and {Seabroke}, G.~M. and {Tanga}, P. and
         {Th{\'e}venin}, F. and {Gracia-Abril}, G. and {Comoretto}, G. and
         {Garcia-Reinaldos}, M. and {Teyssier}, D. and {Altmann}, M. and
         {Andrae}, R. and {Audard}, M. and {Bellas-Velidis}, I. and
         {Benson}, K. and {Berthier}, J. and {Blomme}, R. and {Burgess}, P. and
         {Busso}, G. and {Carry}, B. and {Cellino}, A. and {Clementini}, G. and
         {Clotet}, M. and {Creevey}, O. and {Davidson}, M. and {De Ridder}, J. and
         {Delchambre}, L. and {Dell'Oro}, A. and {Ducourant}, C. and
         {Fern{\'a}ndez-Hern{\'a}ndez}, J. and {Fouesneau}, M. and
         {Fr{\'e}mat}, Y. and {Galluccio}, L. and {Garc{\'\i}a-Torres}, M. and
         {Gonz{\'a}lez-N{\'u}{\~n}ez}, J. and {Gonz{\'a}lez-Vidal}, J.~J. and
         {Gosset}, E. and {Guy}, L.~P. and {Halbwachs}, J. -L. and
         {Hambly}, N.~C. and {Harrison}, D.~L. and {Hern{\'a}ndez}, J. and
         {Hestroffer}, D. and {Hodgkin}, S.~T. and {Hutton}, A. and
         {Jasniewicz}, G. and {Jean-Antoine-Piccolo}, A. and {Jordan}, S. and
         {Korn}, A.~J. and {Krone-Martins}, A. and {Lanzafame}, A.~C. and
         {Lebzelter}, T. and {L{\"o}ffler}, W. and {Manteiga}, M. and
         {Marrese}, P.~M. and {Mart{\'\i}n-Fleitas}, J.~M. and {Moitinho}, A. and
         {Mora}, A. and {Muinonen}, K. and {Osinde}, J. and {Pancino}, E. and
         {Pauwels}, T. and {Petit}, J. -M. and {Recio-Blanco}, A. and
         {Richards}, P.~J. and {Rimoldini}, L. and {Robin}, A.~C. and
         {Sarro}, L.~M. and {Siopis}, C. and {Smith}, M. and {Sozzetti}, A. and
         {S{\"u}veges}, M. and {Torra}, J. and {van Reeven}, W. and {Abbas}, U. and
         {Abreu Aramburu}, A. and {Accart}, S. and {Aerts}, C. and
         {Altavilla}, G. and {{\'A}lvarez}, M.~A. and {Alvarez}, R. and
         {Alves}, J. and {Anderson}, R.~I. and {Andrei}, A.~H. and
         {Anglada Varela}, E. and {Antiche}, E. and {Antoja}, T. and
         {Arcay}, B. and {Astraatmadja}, T.~L. and {Bach}, N. and
         {Baker}, S.~G. and {Balaguer-N{\'u}{\~n}ez}, L. and {Balm}, P. and
         {Barache}, C. and {Barata}, C. and {Barbato}, D. and {Barblan}, F. and
         {Barklem}, P.~S. and {Barrado}, D. and {Barros}, M. and
         {Barstow}, M.~A. and {Bartholom{\'e} Mu{\~n}oz}, S. and
         {Bassilana}, J. -L. and {Becciani}, U. and {Bellazzini}, M. and
         {Berihuete}, A. and {Bertone}, S. and {Bianchi}, L. and
         {Bienaym{\'e}}, O. and {Blanco-Cuaresma}, S. and {Boch}, T. and
         {Boeche}, C. and {Bombrun}, A. and {Borrachero}, R. and {Bossini}, D. and
         {Bouquillon}, S. and {Bourda}, G. and {Bragaglia}, A. and
         {Bramante}, L. and {Breddels}, M.~A. and {Bressan}, A. and
         {Brouillet}, N. and {Br{\"u}semeister}, T. and {Brugaletta}, E. and
         {Bucciarelli}, B. and {Burlacu}, A. and {Busonero}, D. and
         {Butkevich}, A.~G. and {Buzzi}, R. and {Caffau}, E. and
         {Cancelliere}, R. and {Cannizzaro}, G. and {Cantat-Gaudin}, T. and
         {Carballo}, R. and {Carlucci}, T. and {Carrasco}, J.~M. and
         {Casamiquela}, L. and {Castellani}, M. and {Castro-Ginard}, A. and
         {Charlot}, P. and {Chemin}, L. and {Chiavassa}, A. and {Cocozza}, G. and
         {Costigan}, G. and {Cowell}, S. and {Crifo}, F. and {Crosta}, M. and
         {Crowley}, C. and {Cuypers}, J. and {Dafonte}, C. and {Damerdji}, Y. and
         {Dapergolas}, A. and {David}, P. and {David}, M. and {de Laverny}, P. and
         {De Luise}, F. and {De March}, R. and {de Martino}, D. and
         {de Souza}, R. and {de Torres}, A. and {Debosscher}, J. and
         {del Pozo}, E. and {Delbo}, M. and {Delgado}, A. and {Delgado}, H.~E. and
         {Di Matteo}, P. and {Diakite}, S. and {Diener}, C. and {Distefano}, E. and
         {Dolding}, C. and {Drazinos}, P. and {Dur{\'a}n}, J. and
         {Edvardsson}, B. and {Enke}, H. and {Eriksson}, K. and {Esquej}, P. and
         {Eynard Bontemps}, G. and {Fabre}, C. and {Fabrizio}, M. and
         {Faigler}, S. and {Falc{\~a}o}, A.~J. and {Farr{\`a}s Casas}, M. and
         {Federici}, L. and {Fedorets}, G. and {Fernique}, P. and
         {Figueras}, F. and {Filippi}, F. and {Findeisen}, K. and {Fonti}, A. and
         {Fraile}, E. and {Fraser}, M. and {Fr{\'e}zouls}, B. and {Gai}, M. and
         {Galleti}, S. and {Garabato}, D. and {Garc{\'\i}a-Sedano}, F. and
         {Garofalo}, A. and {Garralda}, N. and {Gavel}, A. and {Gavras}, P. and
         {Gerssen}, J. and {Geyer}, R. and {Giacobbe}, P. and {Gilmore}, G. and
         {Girona}, S. and {Giuffrida}, G. and {Glass}, F. and {Gomes}, M. and
         {Granvik}, M. and {Gueguen}, A. and {Guerrier}, A. and {Guiraud}, J. and
         {Guti{\'e}rrez-S{\'a}nchez}, R. and {Haigron}, R. and
         {Hatzidimitriou}, D. and {Hauser}, M. and {Haywood}, M. and
         {Heiter}, U. and {Helmi}, A. and {Heu}, J. and {Hilger}, T. and
         {Hobbs}, D. and {Hofmann}, W. and {Holland}, G. and {Huckle}, H.~E. and
         {Hypki}, A. and {Icardi}, V. and {Jan{\ss}en}, K. and
         {Jevardat de Fombelle}, G. and {Jonker}, P.~G. and
         {Juh{\'a}sz}, {\'A}. L. and {Julbe}, F. and {Karampelas}, A. and
         {Kewley}, A. and {Klar}, J. and {Kochoska}, A. and {Kohley}, R. and
         {Kolenberg}, K. and {Kontizas}, M. and {Kontizas}, E. and
         {Koposov}, S.~E. and {Kordopatis}, G. and {Kostrzewa-Rutkowska}, Z. and
         {Koubsky}, P. and {Lambert}, S. and {Lanza}, A.~F. and {Lasne}, Y. and
         {Lavigne}, J. -B. and {Le Fustec}, Y. and {Le Poncin-Lafitte}, C. and
         {Lebreton}, Y. and {Leccia}, S. and {Leclerc}, N. and
         {Lecoeur-Taibi}, I. and {Lenhardt}, H. and {Leroux}, F. and {Liao}, S. and
         {Licata}, E. and {Lindstr{\o}m}, H.~E.~P. and {Lister}, T.~A. and
         {Livanou}, E. and {Lobel}, A. and {L{\'o}pez}, M. and {Managau}, S. and
         {Mann}, R.~G. and {Mantelet}, G. and {Marchal}, O. and
         {Marchant}, J.~M. and {Marconi}, M. and {Marinoni}, S. and
         {Marschalk{\'o}}, G. and {Marshall}, D.~J. and {Martino}, M. and
         {Marton}, G. and {Mary}, N. and {Massari}, D. and
         {Matijevi{\v{c}}}, G. and {Mazeh}, T. and {McMillan}, P.~J. and
         {Messina}, S. and {Michalik}, D. and {Millar}, N.~R. and {Molina}, D. and
         {Molinaro}, R. and {Moln{\'a}r}, L. and {Montegriffo}, P. and
         {Mor}, R. and {Morbidelli}, R. and {Morel}, T. and {Morris}, D. and
         {Mulone}, A.~F. and {Muraveva}, T. and {Musella}, I. and
         {Nelemans}, G. and {Nicastro}, L. and {Noval}, L. and {O'Mullane}, W. and
         {Ord{\'e}novic}, C. and {Ord{\'o}{\~n}ez-Blanco}, D. and {Osborne}, P. and
         {Pagani}, C. and {Pagano}, I. and {Pailler}, F. and {Palacin}, H. and
         {Palaversa}, L. and {Panahi}, A. and {Pawlak}, M. and
         {Piersimoni}, A.~M. and {Pineau}, F. -X. and {Plachy}, E. and
         {Plum}, G. and {Poggio}, E. and {Poujoulet}, E. and {Pr{\v{s}}a}, A. and
         {Pulone}, L. and {Racero}, E. and {Ragaini}, S. and {Rambaux}, N. and
         {Ramos-Lerate}, M. and {Regibo}, S. and {Reyl{\'e}}, C. and
         {Riclet}, F. and {Ripepi}, V. and {Riva}, A. and {Rivard}, A. and
         {Rixon}, G. and {Roegiers}, T. and {Roelens}, M. and
         {Romero-G{\'o}mez}, M. and {Rowell}, N. and {Royer}, F. and
         {Ruiz-Dern}, L. and {Sadowski}, G. and {Sagrist{\`a} Sell{\'e}s}, T. and
         {Sahlmann}, J. and {Salgado}, J. and {Salguero}, E. and {Sanna}, N. and
         {Santana-Ros}, T. and {Sarasso}, M. and {Savietto}, H. and
         {Schultheis}, M. and {Sciacca}, E. and {Segol}, M. and
         {Segovia}, J.~C. and {S{\'e}gransan}, D. and {Shih}, I. -C. and
         {Siltala}, L. and {Silva}, A.~F. and {Smart}, R.~L. and {Smith}, K.~W. and
         {Solano}, E. and {Solitro}, F. and {Sordo}, R. and {Soria Nieto}, S. and
         {Souchay}, J. and {Spagna}, A. and {Spoto}, F. and {Stampa}, U. and
         {Steele}, I.~A. and {Steidelm{\"u}ller}, H. and {Stephenson}, C.~A. and
         {Stoev}, H. and {Suess}, F.~F. and {Surdej}, J. and {Szabados}, L. and
         {Szegedi-Elek}, E. and {Tapiador}, D. and {Taris}, F. and {Tauran}, G. and
         {Taylor}, M.~B. and {Teixeira}, R. and {Terrett}, D. and {Teyssand
        ier}, P. and {Thuillot}, W. and {Titarenko}, A. and {Torra Clotet}, F. and
         {Turon}, C. and {Ulla}, A. and {Utrilla}, E. and {Uzzi}, S. and
         {Vaillant}, M. and {Valentini}, G. and {Valette}, V. and
         {van Elteren}, A. and {Van Hemelryck}, E. and {van Leeuwen}, M. and
         {Vaschetto}, M. and {Vecchiato}, A. and {Veljanoski}, J. and
         {Viala}, Y. and {Vicente}, D. and {Vogt}, S. and {von Essen}, C. and
         {Voss}, H. and {Votruba}, V. and {Voutsinas}, S. and {Walmsley}, G. and
         {Weiler}, M. and {Wertz}, O. and {Wevers}, T. and {Wyrzykowski}, {\L}. and
         {Yoldas}, A. and {{\v{Z}}erjal}, M. and {Ziaeepour}, H. and
         {Zorec}, J. and {Zschocke}, S. and {Zucker}, S. and {Zurbach}, C. and
         {Zwitter}, T.},
        title = "{Gaia Data Release 2. Summary of the contents and survey properties}",
      journal = {\aap},
     keywords = {catalogs, astrometry, techniques: radial velocities, stars: fundamental parameters, stars: variables: general, minor planets, asteroids: general, Astrophysics - Astrophysics of Galaxies, Astrophysics - Instrumentation and Methods for Astrophysics},
         year = "2018",
        month = "Aug",
       volume = {616},
          eid = {A1},
        pages = {A1},
          doi = {10.1051/0004-6361/201833051},
archivePrefix = {arXiv},
       eprint = {1804.09365},
 primaryClass = {astro-ph.GA},
       adsurl = {https://ui.adsabs.harvard.edu/\#abs/2018A&A...616A...1G},
      adsnote = {Provided by the SAO/NASA Astrophysics Data System}
}




@ARTICLE{Gaia16,
       author = {{Gaia Collaboration} and {Prusti}, T. and {de Bruijne}, J.~H.~J. and
         {Brown}, A.~G.~A. and {Vallenari}, A. and {Babusiaux}, C. and
         {Bailer-Jones}, C.~A.~L. and {Bastian}, U. and {Biermann}, M. and
         {Evans}, D.~W. and {Eyer}, L. and {Jansen}, F. and {Jordi}, C. and
         {Klioner}, S.~A. and {Lammers}, U. and {Lindegren}, L. and {Luri}, X. and
         {Mignard}, F. and {Milligan}, D.~J. and {Panem}, C. and
         {Poinsignon}, V. and {Pourbaix}, D. and {Randich}, S. and {Sarri}, G. and
         {Sartoretti}, P. and {Siddiqui}, H.~I. and {Soubiran}, C. and
         {Valette}, V. and {van Leeuwen}, F. and {Walton}, N.~A. and
         {Aerts}, C. and {Arenou}, F. and {Cropper}, M. and {Drimmel}, R. and
         {H{\o}g}, E. and {Katz}, D. and {Lattanzi}, M.~G. and {O'Mullane}, W. and
         {Grebel}, E.~K. and {Holland}, A.~D. and {Huc}, C. and {Passot}, X. and
         {Bramante}, L. and {Cacciari}, C. and {Casta{\~n}eda}, J. and
         {Chaoul}, L. and {Cheek}, N. and {De Angeli}, F. and {Fabricius}, C. and
         {Guerra}, R. and {Hern{\'a}ndez}, J. and {Jean-Antoine-Piccolo}, A. and
         {Masana}, E. and {Messineo}, R. and {Mowlavi}, N. and
         {Nienartowicz}, K. and {Ord{\'o}{\~n}ez-Blanco}, D. and {Panuzzo}, P. and
         {Portell}, J. and {Richards}, P.~J. and {Riello}, M. and
         {Seabroke}, G.~M. and {Tanga}, P. and {Th{\'e}venin}, F. and
         {Torra}, J. and {Els}, S.~G. and {Gracia-Abril}, G. and
         {Comoretto}, G. and {Garcia-Reinaldos}, M. and {Lock}, T. and
         {Mercier}, E. and {Altmann}, M. and {Andrae}, R. and
         {Astraatmadja}, T.~L. and {Bellas-Velidis}, I. and {Benson}, K. and
         {Berthier}, J. and {Blomme}, R. and {Busso}, G. and {Carry}, B. and
         {Cellino}, A. and {Clementini}, G. and {Cowell}, S. and {Creevey}, O. and
         {Cuypers}, J. and {Davidson}, M. and {De Ridder}, J. and
         {de Torres}, A. and {Delchambre}, L. and {Dell'Oro}, A. and
         {Ducourant}, C. and {Fr{\'e}mat}, Y. and {Garc{\'\i}a-Torres}, M. and
         {Gosset}, E. and {Halbwachs}, J. -L. and {Hambly}, N.~C. and
         {Harrison}, D.~L. and {Hauser}, M. and {Hestroffer}, D. and
         {Hodgkin}, S.~T. and {Huckle}, H.~E. and {Hutton}, A. and
         {Jasniewicz}, G. and {Jordan}, S. and {Kontizas}, M. and {Korn}, A.~J. and
         {Lanzafame}, A.~C. and {Manteiga}, M. and {Moitinho}, A. and
         {Muinonen}, K. and {Osinde}, J. and {Pancino}, E. and {Pauwels}, T. and
         {Petit}, J. -M. and {Recio-Blanco}, A. and {Robin}, A.~C. and
         {Sarro}, L.~M. and {Siopis}, C. and {Smith}, M. and {Smith}, K.~W. and
         {Sozzetti}, A. and {Thuillot}, W. and {van Reeven}, W. and {Viala}, Y. and
         {Abbas}, U. and {Abreu Aramburu}, A. and {Accart}, S. and
         {Aguado}, J.~J. and {Allan}, P.~M. and {Allasia}, W. and
         {Altavilla}, G. and {{\'A}lvarez}, M.~A. and {Alves}, J. and
         {Anderson}, R.~I. and {Andrei}, A.~H. and {Anglada Varela}, E. and
         {Antiche}, E. and {Antoja}, T. and {Ant{\'o}n}, S. and {Arcay}, B. and
         {Atzei}, A. and {Ayache}, L. and {Bach}, N. and {Baker}, S.~G. and
         {Balaguer-N{\'u}{\~n}ez}, L. and {Barache}, C. and {Barata}, C. and
         {Barbier}, A. and {Barblan}, F. and {Baroni}, M. and
         {Barrado y Navascu{\'e}s}, D. and {Barros}, M. and {Barstow}, M.~A. and
         {Becciani}, U. and {Bellazzini}, M. and {Bellei}, G. and
         {Bello Garc{\'\i}a}, A. and {Belokurov}, V. and {Bendjoya}, P. and
         {Berihuete}, A. and {Bianchi}, L. and {Bienaym{\'e}}, O. and
         {Billebaud}, F. and {Blagorodnova}, N. and {Blanco-Cuaresma}, S. and
         {Boch}, T. and {Bombrun}, A. and {Borrachero}, R. and {Bouquillon}, S. and
         {Bourda}, G. and {Bouy}, H. and {Bragaglia}, A. and {Breddels}, M.~A. and
         {Brouillet}, N. and {Br{\"u}semeister}, T. and {Bucciarelli}, B. and
         {Budnik}, F. and {Burgess}, P. and {Burgon}, R. and {Burlacu}, A. and
         {Busonero}, D. and {Buzzi}, R. and {Caffau}, E. and {Cambras}, J. and
         {Campbell}, H. and {Cancelliere}, R. and {Cantat-Gaudin}, T. and
         {Carlucci}, T. and {Carrasco}, J.~M. and {Castellani}, M. and
         {Charlot}, P. and {Charnas}, J. and {Charvet}, P. and {Chassat}, F. and
         {Chiavassa}, A. and {Clotet}, M. and {Cocozza}, G. and
         {Collins}, R.~S. and {Collins}, P. and {Costigan}, G. and {Crifo}, F. and
         {Cross}, N.~J.~G. and {Crosta}, M. and {Crowley}, C. and {Dafonte}, C. and
         {Damerdji}, Y. and {Dapergolas}, A. and {David}, P. and {David}, M. and
         {De Cat}, P. and {de Felice}, F. and {de Laverny}, P. and
         {De Luise}, F. and {De March}, R. and {de Martino}, D. and
         {de Souza}, R. and {Debosscher}, J. and {del Pozo}, E. and {Delbo}, M. and
         {Delgado}, A. and {Delgado}, H.~E. and {di Marco}, F. and
         {Di Matteo}, P. and {Diakite}, S. and {Distefano}, E. and
         {Dolding}, C. and {Dos Anjos}, S. and {Drazinos}, P. and
         {Dur{\'a}n}, J. and {Dzigan}, Y. and {Ecale}, E. and {Edvardsson}, B. and
         {Enke}, H. and {Erdmann}, M. and {Escolar}, D. and {Espina}, M. and
         {Evans}, N.~W. and {Eynard Bontemps}, G. and {Fabre}, C. and
         {Fabrizio}, M. and {Faigler}, S. and {Falc{\~a}o}, A.~J. and
         {Farr{\`a}s Casas}, M. and {Faye}, F. and {Federici}, L. and
         {Fedorets}, G. and {Fern{\'a}ndez-Hern{\'a}ndez}, J. and
         {Fernique}, P. and {Fienga}, A. and {Figueras}, F. and {Filippi}, F. and
         {Findeisen}, K. and {Fonti}, A. and {Fouesneau}, M. and {Fraile}, E. and
         {Fraser}, M. and {Fuchs}, J. and {Furnell}, R. and {Gai}, M. and
         {Galleti}, S. and {Galluccio}, L. and {Garabato}, D. and
         {Garc{\'\i}a-Sedano}, F. and {Gar{\'e}}, P. and {Garofalo}, A. and
         {Garralda}, N. and {Gavras}, P. and {Gerssen}, J. and {Geyer}, R. and
         {Gilmore}, G. and {Girona}, S. and {Giuffrida}, G. and {Gomes}, M. and
         {Gonz{\'a}lez-Marcos}, A. and {Gonz{\'a}lez-N{\'u}{\~n}ez}, J. and
         {Gonz{\'a}lez-Vidal}, J.~J. and {Granvik}, M. and {Guerrier}, A. and
         {Guillout}, P. and {Guiraud}, J. and {G{\'u}rpide}, A. and
         {Guti{\'e}rrez-S{\'a}nchez}, R. and {Guy}, L.~P. and {Haigron}, R. and
         {Hatzidimitriou}, D. and {Haywood}, M. and {Heiter}, U. and
         {Helmi}, A. and {Hobbs}, D. and {Hofmann}, W. and {Holl}, B. and {Holland
        }, G. and {Hunt}, J.~A.~S. and {Hypki}, A. and {Icardi}, V. and
         {Irwin}, M. and {Jevardat de Fombelle}, G. and {Jofr{\'e}}, P. and
         {Jonker}, P.~G. and {Jorissen}, A. and {Julbe}, F. and
         {Karampelas}, A. and {Kochoska}, A. and {Kohley}, R. and
         {Kolenberg}, K. and {Kontizas}, E. and {Koposov}, S.~E. and
         {Kordopatis}, G. and {Koubsky}, P. and {Kowalczyk}, A. and
         {Krone-Martins}, A. and {Kudryashova}, M. and {Kull}, I. and
         {Bachchan}, R.~K. and {Lacoste-Seris}, F. and {Lanza}, A.~F. and
         {Lavigne}, J. -B. and {Le Poncin-Lafitte}, C. and {Lebreton}, Y. and
         {Lebzelter}, T. and {Leccia}, S. and {Leclerc}, N. and
         {Lecoeur-Taibi}, I. and {Lemaitre}, V. and {Lenhardt}, H. and
         {Leroux}, F. and {Liao}, S. and {Licata}, E. and
         {Lindstr{\o}m}, H.~E.~P. and {Lister}, T.~A. and {Livanou}, E. and
         {Lobel}, A. and {L{\"o}ffler}, W. and {L{\'o}pez}, M. and
         {Lopez-Lozano}, A. and {Lorenz}, D. and {Loureiro}, T. and
         {MacDonald}, I. and {Magalh{\~a}es Fernandes}, T. and {Managau}, S. and
         {Mann}, R.~G. and {Mantelet}, G. and {Marchal}, O. and
         {Marchant}, J.~M. and {Marconi}, M. and {Marie}, J. and {Marinoni}, S. and
         {Marrese}, P.~M. and {Marschalk{\'o}}, G. and {Marshall}, D.~J. and
         {Mart{\'\i}n-Fleitas}, J.~M. and {Martino}, M. and {Mary}, N. and
         {Matijevi{\v{c}}}, G. and {Mazeh}, T. and {McMillan}, P.~J. and
         {Messina}, S. and {Mestre}, A. and {Michalik}, D. and {Millar}, N.~R. and
         {Miranda}, B.~M.~H. and {Molina}, D. and {Molinaro}, R. and
         {Molinaro}, M. and {Moln{\'a}r}, L. and {Moniez}, M. and
         {Montegriffo}, P. and {Monteiro}, D. and {Mor}, R. and {Mora}, A. and
         {Morbidelli}, R. and {Morel}, T. and {Morgenthaler}, S. and
         {Morley}, T. and {Morris}, D. and {Mulone}, A.~F. and {Muraveva}, T. and
         {Musella}, I. and {Narbonne}, J. and {Nelemans}, G. and {Nicastro}, L. and
         {Noval}, L. and {Ord{\'e}novic}, C. and {Ordieres-Mer{\'e}}, J. and
         {Osborne}, P. and {Pagani}, C. and {Pagano}, I. and {Pailler}, F. and
         {Palacin}, H. and {Palaversa}, L. and {Parsons}, P. and {Paulsen}, T. and
         {Pecoraro}, M. and {Pedrosa}, R. and {Pentik{\"a}inen}, H. and
         {Pereira}, J. and {Pichon}, B. and {Piersimoni}, A.~M. and
         {Pineau}, F. -X. and {Plachy}, E. and {Plum}, G. and {Poujoulet}, E. and
         {Pr{\v{s}}a}, A. and {Pulone}, L. and {Ragaini}, S. and {Rago}, S. and
         {Rambaux}, N. and {Ramos-Lerate}, M. and {Ranalli}, P. and {Rauw}, G. and
         {Read}, A. and {Regibo}, S. and {Renk}, F. and {Reyl{\'e}}, C. and
         {Ribeiro}, R.~A. and {Rimoldini}, L. and {Ripepi}, V. and {Riva}, A. and
         {Rixon}, G. and {Roelens}, M. and {Romero-G{\'o}mez}, M. and
         {Rowell}, N. and {Royer}, F. and {Rudolph}, A. and {Ruiz-Dern}, L. and
         {Sadowski}, G. and {Sagrist{\`a} Sell{\'e}s}, T. and {Sahlmann}, J. and
         {Salgado}, J. and {Salguero}, E. and {Sarasso}, M. and {Savietto}, H. and
         {Schnorhk}, A. and {Schultheis}, M. and {Sciacca}, E. and {Segol}, M. and
         {Segovia}, J.~C. and {Segransan}, D. and {Serpell}, E. and
         {Shih}, I. -C. and {Smareglia}, R. and {Smart}, R.~L. and {Smith}, C. and
         {Solano}, E. and {Solitro}, F. and {Sordo}, R. and {Soria Nieto}, S. and
         {Souchay}, J. and {Spagna}, A. and {Spoto}, F. and {Stampa}, U. and
         {Steele}, I.~A. and {Steidelm{\"u}ller}, H. and {Stephenson}, C.~A. and
         {Stoev}, H. and {Suess}, F.~F. and {S{\"u}veges}, M. and {Surdej}, J. and
         {Szabados}, L. and {Szegedi-Elek}, E. and {Tapiador}, D. and
         {Taris}, F. and {Tauran}, G. and {Taylor}, M.~B. and {Teixeira}, R. and
         {Terrett}, D. and {Tingley}, B. and {Trager}, S.~C. and {Turon}, C. and
         {Ulla}, A. and {Utrilla}, E. and {Valentini}, G. and {van Elteren}, A. and
         {Van Hemelryck}, E. and {van Leeuwen}, M. and {Varadi}, M. and
         {Vecchiato}, A. and {Veljanoski}, J. and {Via}, T. and {Vicente}, D. and
         {Vogt}, S. and {Voss}, H. and {Votruba}, V. and {Voutsinas}, S. and
         {Walmsley}, G. and {Weiler}, M. and {Weingrill}, K. and {Werner}, D. and
         {Wevers}, T. and {Whitehead}, G. and {Wyrzykowski}, {\L}. and
         {Yoldas}, A. and {{\v{Z}}erjal}, M. and {Zucker}, S. and {Zurbach}, C. and
         {Zwitter}, T. and {Alecu}, A. and {Allen}, M. and {Allende Prieto}, C. and
         {Amorim}, A. and {Anglada-Escud{\'e}}, G. and {Arsenijevic}, V. and
         {Azaz}, S. and {Balm}, P. and {Beck}, M. and {Bernstein}, H. -H. and
         {Bigot}, L. and {Bijaoui}, A. and {Blasco}, C. and {Bonfigli}, M. and
         {Bono}, G. and {Boudreault}, S. and {Bressan}, A. and {Brown}, S. and
         {Brunet}, P. -M. and {Bunclark}, P. and {Buonanno}, R. and
         {Butkevich}, A.~G. and {Carret}, C. and {Carrion}, C. and {Chemin}, L. and
         {Ch{\'e}reau}, F. and {Corcione}, L. and {Darmigny}, E. and
         {de Boer}, K.~S. and {de Teodoro}, P. and {de Zeeuw}, P.~T. and
         {Delle Luche}, C. and {Domingues}, C.~D. and {Dubath}, P. and
         {Fodor}, F. and {Fr{\'e}zouls}, B. and {Fries}, A. and {Fustes}, D. and
         {Fyfe}, D. and {Gallardo}, E. and {Gallegos}, J. and {Gardiol}, D. and
         {Gebran}, M. and {Gomboc}, A. and {G{\'o}mez}, A. and {Grux}, E. and
         {Gueguen}, A. and {Heyrovsky}, A. and {Hoar}, J. and {Iannicola}, G. and
         {Isasi Parache}, Y. and {Janotto}, A. -M. and {Joliet}, E. and
         {Jonckheere}, A. and {Keil}, R. and {Kim}, D. -W. and {Klagyivik}, P. and
         {Klar}, J. and {Knude}, J. and {Kochukhov}, O. and {Kolka}, I. and
         {Kos}, J. and {Kutka}, A. and {Lainey}, V. and {LeBouquin}, D. and
         {Liu}, C. and {Loreggia}, D. and {Makarov}, V.~V. and
         {Marseille}, M.~G. and {Martayan}, C. and {Martinez-Rubi}, O. and
         {Massart}, B. and {Meynadier}, F. and {Mignot}, S. and {Munari}, U. and
         {Nguyen}, A. -T. and {Nordlander}, T. and {Ocvirk}, P. and
         {O'Flaherty}, K.~S. and {Olias Sanz}, A. and {Ortiz}, P. and
         {Osorio}, J. and {Oszkiewicz}, D. and {Ouzounis}, A. and {Palmer}, M. and
         {Park}, P. and {Pasquato}, E. and {Peltzer}, C. and {Peralta}, J. and
         {P{\'e}turaud}, F. and {Pieniluoma}, T. and {Pigozzi}, E. and
         {Poels}, J. and {Prat}, G. and {Prod'homme}, T. and {Raison}, F. and
         {Rebordao}, J.~M. and {Risquez}, D. and {Rocca-Volmerange}, B. and
         {Rosen}, S. and {Ruiz-Fuertes}, M.~I. and {Russo}, F. and {Sembay}, S. and
         {Serraller Vizcaino}, I. and {Short}, A. and {Siebert}, A. and
         {Silva}, H. and {Sinachopoulos}, D. and {Slezak}, E. and {Soffel}, M. and
         {Sosnowska}, D. and {Strai{\v{z}}ys}, V. and {ter Linden}, M. and
         {Terrell}, D. and {Theil}, S. and {Tiede}, C. and {Troisi}, L. and
         {Tsalmantza}, P. and {Tur}, D. and {Vaccari}, M. and {Vachier}, F. and
         {Valles}, P. and {Van Hamme}, W. and {Veltz}, L. and {Virtanen}, J. and
         {Wallut}, J. -M. and {Wichmann}, R. and {Wilkinson}, M.~I. and
         {Ziaeepour}, H. and {Zschocke}, S.},
        title = "{The Gaia mission}",
      journal = {\aap},
     keywords = {space vehicles: instruments, Galaxy: structure, astrometry, parallaxes, proper motions, telescopes, Astrophysics - Instrumentation and Methods for Astrophysics},
         year = "2016",
        month = "Nov",
       volume = {595},
          eid = {A1},
        pages = {A1},
          doi = {10.1051/0004-6361/201629272},
archivePrefix = {arXiv},
       eprint = {1609.04153},
 primaryClass = {astro-ph.IM},
       adsurl = {https://ui.adsabs.harvard.edu/\#abs/2016A&A...595A...1G},
      adsnote = {Provided by the SAO/NASA Astrophysics Data System}
}





@Article{Hunter:2007,
  Author    = {Hunter, J. D.},
  Title     = {Matplotlib: A 2D graphics environment},
  Journal   = {Computing In Science \& Engineering},
  Volume    = {9},
  Number    = {3},
  Pages     = {90--95},
  abstract  = {Matplotlib is a 2D graphics package used for Python
  for application development, interactive scripting, and
  publication-quality image generation across user
  interfaces and operating systems.},
  publisher = {IEEE COMPUTER SOC},
  doi       = {10.1109/MCSE.2007.55},
  year      = 2007
}

@ARTICLE{Butters10,
   author = {{Butters}, O.~W. and {West}, R.~G. and {Anderson}, D.~R. and·
    {Collier Cameron}, A. and {Clarkson}, W.~I. and {Enoch}, B. and·
    {Haswell}, C.~A. and {Hellier}, C. and {Horne}, K. and {Joshi}, Y. and·
    {Kane}, S.~R. and {Lister}, T.~A. and {Maxted}, P.~F.~L. and·
    {Parley}, N. and {Pollacco}, D. and {Smalley}, B. and {Street}, R.~A. and·
    {Todd}, I. and {Wheatley}, P.~J. and {Wilson}, D.~M.},
    title = "{The first WASP public data release}",
  journal = {\aap},
archivePrefix = "arXiv",
   eprint = {1009.5306},
 primaryClass = "astro-ph.EP",
 keywords = {catalogs, planets and satellites: general, stars: general},
     year = 2010,
    month = sep,
   volume = 520,
      eid = {L10},
    pages = {L10},
      doi = {10.1051/0004-6361/201015655},
   adsurl = {http://adsabs.harvard.edu/abs/2010A%26A...520L..10B},
  adsnote = {Provided by the SAO/NASA Astrophysics Data System}
}





@ARTICLE{Kley12,
   author = {{Kley}, W. and {Nelson}, R.~P.},
    title = "{Planet-Disk Interaction and Orbital Evolution}",
  journal = {\araa},
archivePrefix = "arXiv",
   eprint = {1203.1184},
 primaryClass = "astro-ph.EP",
     year = 2012,
    month = sep,
   volume = 50,
    pages = {211-249},
      doi = {10.1146/annurev-astro-081811-125523},
   adsurl = {http://adsabs.harvard.edu/abs/2012ARA%26A..50..211K},
  adsnote = {Provided by the SAO/NASA Astrophysics Data System}
}



@ARTICLE{Armitage11,
   author = {{Armitage}, P.~J.},
    title = "{Dynamics of Protoplanetary Disks}",
  journal = {\araa},
archivePrefix = "arXiv",
   eprint = {1011.1496},
 primaryClass = "astro-ph.SR",
     year = 2011,
    month = sep,
   volume = 49,
    pages = {195-236},
      doi = {10.1146/annurev-astro-081710-102521},
   adsurl = {http://adsabs.harvard.edu/abs/2011ARA%26A..49..195A},
  adsnote = {Provided by the SAO/NASA Astrophysics Data System}
}


@ARTICLE{Williams11,
   author = {{Williams}, J.~P. and {Cieza}, L.~A.},
    title = "{Protoplanetary Disks and Their Evolution}",
  journal = {\araa},
archivePrefix = "arXiv",
   eprint = {1103.0556},
 primaryClass = "astro-ph.GA",
     year = 2011,
    month = sep,
   volume = 49,
    pages = {67-117},
      doi = {10.1146/annurev-astro-081710-102548},
   adsurl = {http://adsabs.harvard.edu/abs/2011ARA%26A..49...67W},
  adsnote = {Provided by the SAO/NASA Astrophysics Data System}
}


@ARTICLE{2018AJ....156..123A,
   author = {{Astropy Collaboration} and {Price-Whelan}, A.~M. and {Sip{\H o}cz}, B.~M. and 
	{G{\"u}nther}, H.~M. and {Lim}, P.~L. and {Crawford}, S.~M. and 
	{Conseil}, S. and {Shupe}, D.~L. and {Craig}, M.~W. and {Dencheva}, N. and 
	{Ginsburg}, A. and {VanderPlas}, J.~T. and {Bradley}, L.~D. and 
	{P{\'e}rez-Su{\'a}rez}, D. and {de Val-Borro}, M. and {Aldcroft}, T.~L. and 
	{Cruz}, K.~L. and {Robitaille}, T.~P. and {Tollerud}, E.~J. and 
	{Ardelean}, C. and {Babej}, T. and {Bach}, Y.~P. and {Bachetti}, M. and 
	{Bakanov}, A.~V. and {Bamford}, S.~P. and {Barentsen}, G. and 
	{Barmby}, P. and {Baumbach}, A. and {Berry}, K.~L. and {Biscani}, F. and 
	{Boquien}, M. and {Bostroem}, K.~A. and {Bouma}, L.~G. and {Brammer}, G.~B. and 
	{Bray}, E.~M. and {Breytenbach}, H. and {Buddelmeijer}, H. and 
	{Burke}, D.~J. and {Calderone}, G. and {Cano Rodr{\'{\i}}guez}, J.~L. and 
	{Cara}, M. and {Cardoso}, J.~V.~M. and {Cheedella}, S. and {Copin}, Y. and 
	{Corrales}, L. and {Crichton}, D. and {D'Avella}, D. and {Deil}, C. and 
	{Depagne}, {\'E}. and {Dietrich}, J.~P. and {Donath}, A. and 
	{Droettboom}, M. and {Earl}, N. and {Erben}, T. and {Fabbro}, S. and 
	{Ferreira}, L.~A. and {Finethy}, T. and {Fox}, R.~T. and {Garrison}, L.~H. and 
	{Gibbons}, S.~L.~J. and {Goldstein}, D.~A. and {Gommers}, R. and 
	{Greco}, J.~P. and {Greenfield}, P. and {Groener}, A.~M. and 
	{Grollier}, F. and {Hagen}, A. and {Hirst}, P. and {Homeier}, D. and 
	{Horton}, A.~J. and {Hosseinzadeh}, G. and {Hu}, L. and {Hunkeler}, J.~S. and 
	{Ivezi{\'c}}, {\v Z}. and {Jain}, A. and {Jenness}, T. and {Kanarek}, G. and 
	{Kendrew}, S. and {Kern}, N.~S. and {Kerzendorf}, W.~E. and 
	{Khvalko}, A. and {King}, J. and {Kirkby}, D. and {Kulkarni}, A.~M. and 
	{Kumar}, A. and {Lee}, A. and {Lenz}, D. and {Littlefair}, S.~P. and 
	{Ma}, Z. and {Macleod}, D.~M. and {Mastropietro}, M. and {McCully}, C. and 
	{Montagnac}, S. and {Morris}, B.~M. and {Mueller}, M. and {Mumford}, S.~J. and 
	{Muna}, D. and {Murphy}, N.~A. and {Nelson}, S. and {Nguyen}, G.~H. and 
	{Ninan}, J.~P. and {N{\"o}the}, M. and {Ogaz}, S. and {Oh}, S. and 
	{Parejko}, J.~K. and {Parley}, N. and {Pascual}, S. and {Patil}, R. and 
	{Patil}, A.~A. and {Plunkett}, A.~L. and {Prochaska}, J.~X. and 
	{Rastogi}, T. and {Reddy Janga}, V. and {Sabater}, J. and {Sakurikar}, P. and 
	{Seifert}, M. and {Sherbert}, L.~E. and {Sherwood-Taylor}, H. and 
	{Shih}, A.~Y. and {Sick}, J. and {Silbiger}, M.~T. and {Singanamalla}, S. and 
	{Singer}, L.~P. and {Sladen}, P.~H. and {Sooley}, K.~A. and 
	{Sornarajah}, S. and {Streicher}, O. and {Teuben}, P. and {Thomas}, S.~W. and 
	{Tremblay}, G.~R. and {Turner}, J.~E.~H. and {Terr{\'o}n}, V. and 
	{van Kerkwijk}, M.~H. and {de la Vega}, A. and {Watkins}, L.~L. and 
	{Weaver}, B.~A. and {Whitmore}, J.~B. and {Woillez}, J. and 
	{Zabalza}, V. and {Astropy Contributors}},
    title = "{The Astropy Project: Building an Open-science Project and Status of the v2.0 Core Package}",
  journal = {\aj},
archivePrefix = "arXiv",
   eprint = {1801.02634},
 primaryClass = "astro-ph.IM",
 keywords = {methods: data analysis, methods: miscellaneous, methods: statistical, reference systems },
     year = 2018,
    month = sep,
   volume = 156,
      eid = {123},
    pages = {123},
      doi = {10.3847/1538-3881/aabc4f},
   adsurl = {http://adsabs.harvard.edu/abs/2018AJ....156..123A},
  adsnote = {Provided by the SAO/NASA Astrophysics Data System}
}


@misc{aplpy2012,
      author        = {{Robitaille}, T. and {Bressert}, E.},
      title         = "{APLpy: Astronomical Plotting Library in Python}",
      keywords      = {Software },
      howpublished  = {Astrophysics Source Code Library},
      year          = 2012,
      month         = aug,
      archivePrefix = "ascl",
      eprint        = {1208.017},
      adsurl        = {http://adsabs.harvard.edu/abs/2012ascl.soft08017R},
      adsnote       = {Provided by the SAO/NASA Astrophysics Data System}
    }

@misc{aplpy2019,
      author       = {Robitaille, Thomas},
      title        = {{APLpy v2.0: The Astronomical Plotting Library in Python}},
      month        = feb,
      year         = 2019,
      doi          = {10.5281/zenodo.2567476},
      url          = {https://doi.org/10.5281/zenodo.2567476}
    }
@ARTICLE{Baraffe08,
       author = {{Baraffe}, I. and {Chabrier}, G. and {Barman}, T.},
        title = "{Structure and evolution of super-Earth to super-Jupiter exoplanets. I. Heavy element enrichment in the interior}",
      journal = {\aap},
     keywords = {stars: planetary systems, stars: individual: GJ 436, stars: individual: Hat-P-2, stars: individual: HD 149026, Astrophysics},
         year = "2008",
        month = "Apr",
       volume = {482},
        pages = {315-332},
          doi = {10.1051/0004-6361:20079321},
archivePrefix = {arXiv},  
       eprint = {0802.1810},
 primaryClass = {astro-ph},
       adsurl = {https://ui.adsabs.harvard.edu/\#abs/2008A&A...482..315B},
      adsnote = {Provided by the SAO/NASA Astrophysics Data System}
}



@ARTICLE{Aravena16,
   author = {{Aravena}, M. and {Decarli}, R. and {Walter}, F. and {Da Cunha}, E. and
        {Bauer}, F.~E. and {Carilli}, C.~L. and {Daddi}, E. and {Elbaz}, D. and
        {Ivison}, R.~J. and {Riechers}, D.~A. and {Smail}, I. and {Swinbank}, A.~M. and
        {Weiss}, A. and {Anguita}, T. and {Assef}, R.~J. and {Bell}, E. and
        {Bertoldi}, F. and {Bacon}, R. and {Bouwens}, R. and {Cortes}, P. and
        {Cox}, P. and {G{\'o}nzalez-L{\'o}pez}, J. and {Hodge}, J. and
        {Ibar}, E. and {Inami}, H. and {Infante}, L. and {Karim}, A. and
        {Le Le F{\`e}vre}, O. and {Magnelli}, B. and {Ota}, K. and {Popping}, G. and
        {Sheth}, K. and {van der Werf}, P. and {Wagg}, J.},
    title = "{The ALMA Spectroscopic Survey in the Hubble Ultra Deep Field: Continuum Number Counts, Resolved 1.2 mm Extragalactic Background, and Properties of the Faintest Dusty Star-forming Galaxies}",
  journal = {\apj},
archivePrefix = "arXiv",
   eprint = {1607.06769},
 keywords = {galaxies: evolution, galaxies: ISM, galaxies: star formation, galaxies: statistics, instrumentation: interferometers, submillimeter: galaxies},
     year = 2016,
    month = dec,
   volume = 833,
      eid = {68},
    pages = {68},
      doi = {10.3847/1538-4357/833/1/68},
   adsurl = {http://adsabs.harvard.edu/abs/2016ApJ...833...68A},
  adsnote = {Provided by the SAO/NASA Astrophysics Data System}
}


@article{astropy:2013,
Adsnote = {Provided by the SAO/NASA Astrophysics Data System},
Adsurl = {http://adsabs.harvard.edu/abs/2013A%26A...558A..33A},
Archiveprefix = {arXiv},
Author = {{Astropy Collaboration} and {Robitaille}, T.~P. and {Tollerud}, E.~J. and {Greenfield}, P. and {Droettboom}, M. and {Bray}, E. and {Aldcroft}, T. and {Davis}, M. and {Ginsburg}, A. and {Price-Whelan}, A.~M. and {Kerzendorf}, W.~E. and {Conley}, A. and {Crighton}, N. and {Barbary}, K. and {Muna}, D. and {Ferguson}, H. and {Grollier}, F. and {Parikh}, M.~M. and {Nair}, P.~H. and {Unther}, H.~M. and {Deil}, C. and {Woillez}, J. and {Conseil}, S. and {Kramer}, R. and {Turner}, J.~E.~H. and {Singer}, L. and {Fox}, R. and {Weaver}, B.~A. and {Zabalza}, V. and {Edwards}, Z.~I. and {Azalee Bostroem}, K. and {Burke}, D.~J. and {Casey}, A.~R. and {Crawford}, S.~M. and {Dencheva}, N. and {Ely}, J. and {Jenness}, T. and {Labrie}, K. and {Lim}, P.~L. and {Pierfederici}, F. and {Pontzen}, A. and {Ptak}, A. and {Refsdal}, B. and {Servillat}, M. and {Streicher}, O.},
Doi = {10.1051/0004-6361/201322068},
Eid = {A33},
Eprint = {1307.6212},
Journal = {\aap},
Keywords = {methods: data analysis, methods: miscellaneous, virtual observatory tools},
Month = oct,
Pages = {A33},
Primaryclass = {astro-ph.IM},
Title = {{Astropy: A community Python package for astronomy}},
Volume = 558,
Year = 2013,
Bdsk-Url-1 = {https://dx.doi.org/10.1051/0004-6361/201322068}}

@article{astropy:2018,
Adsnote = {Provided by the SAO/NASA Astrophysics Data System},
Adsurl = {https://ui.adsabs.harvard.edu/#abs/2018AJ....156..123T},
Author = {{Price-Whelan}, A.~M. and {Sip{\H{o}}cz}, B.~M. and {G{\"u}nther}, H.~M. and {Lim}, P.~L. and {Crawford}, S.~M. and {Conseil}, S. and {Shupe}, D.~L. and {Craig}, M.~W. and {Dencheva}, N. and {Ginsburg}, A. and {VanderPlas}, J.~T. and {Bradley}, L.~D. and {P{\'e}rez-Su{\'a}rez}, D. and {de Val-Borro}, M. and {Paper Contributors}, (Primary and {Aldcroft}, T.~L. and {Cruz}, K.~L. and {Robitaille}, T.~P. and {Tollerud}, E.~J. and {Coordination Committee}, (Astropy and {Ardelean}, C. and {Babej}, T. and {Bach}, Y.~P. and {Bachetti}, M. and {Bakanov}, A.~V. and {Bamford}, S.~P. and {Barentsen}, G. and {Barmby}, P. and {Baumbach}, A. and {Berry}, K.~L. and {Biscani}, F. and {Boquien}, M. and {Bostroem}, K.~A. and {Bouma}, L.~G. and {Brammer}, G.~B. and {Bray}, E.~M. and {Breytenbach}, H. and {Buddelmeijer}, H. and {Burke}, D.~J. and {Calderone}, G. and {Cano Rodr{\'\i}guez}, J.~L. and {Cara}, M. and {Cardoso}, J.~V.~M. and {Cheedella}, S. and {Copin}, Y. and {Corrales}, L. and {Crichton}, D. and {D{\textquoteright}Avella}, D. and {Deil}, C. and {Depagne}, {\'E}. and {Dietrich}, J.~P. and {Donath}, A. and {Droettboom}, M. and {Earl}, N. and {Erben}, T. and {Fabbro}, S. and {Ferreira}, L.~A. and {Finethy}, T. and {Fox}, R.~T. and {Garrison}, L.~H. and {Gibbons}, S.~L.~J. and {Goldstein}, D.~A. and {Gommers}, R. and {Greco}, J.~P. and {Greenfield}, P. and {Groener}, A.~M. and {Grollier}, F. and {Hagen}, A. and {Hirst}, P. and {Homeier}, D. and {Horton}, A.~J. and {Hosseinzadeh}, G. and {Hu}, L. and {Hunkeler}, J.~S. and {Ivezi{\'c}}, {\v{Z}}. and {Jain}, A. and {Jenness}, T. and {Kanarek}, G. and {Kendrew}, S. and {Kern}, N.~S. and {Kerzendorf}, W.~E. and {Khvalko}, A. and {King}, J. and {Kirkby}, D. and {Kulkarni}, A.~M. and {Kumar}, A. and {Lee}, A. and {Lenz}, D. and {Littlefair}, S.~P. and {Ma}, Z. and {Macleod}, D.~M. and {Mastropietro}, M. and {McCully}, C. and {Montagnac}, S. and {Morris}, B.~M. and {Mueller}, M. and {Mumford}, S.~J. and {Muna}, D. and {Murphy}, N.~A. and {Nelson}, S. and {Nguyen}, G.~H. and {Ninan}, J.~P. and {N{\"o}the}, M. and {Ogaz}, S. and {Oh}, S. and {Parejko}, J.~K. and {Parley}, N. and {Pascual}, S. and {Patil}, R. and {Patil}, A.~A. and {Plunkett}, A.~L. and {Prochaska}, J.~X. and {Rastogi}, T. and {Reddy Janga}, V. and {Sabater}, J. and {Sakurikar}, P. and {Seifert}, M. and {Sherbert}, L.~E. and {Sherwood-Taylor}, H. and {Shih}, A.~Y. and {Sick}, J. and {Silbiger}, M.~T. and {Singanamalla}, S. and {Singer}, L.~P. and {Sladen}, P.~H. and {Sooley}, K.~A. and {Sornarajah}, S. and {Streicher}, O. and {Teuben}, P. and {Thomas}, S.~W. and {Tremblay}, G.~R. and {Turner}, J.~E.~H. and {Terr{\'o}n}, V. and {van Kerkwijk}, M.~H. and {de la Vega}, A. and {Watkins}, L.~L. and {Weaver}, B.~A. and {Whitmore}, J.~B. and {Woillez}, J. and {Zabalza}, V. and {Contributors}, (Astropy},
Doi = {10.3847/1538-3881/aabc4f},
Eid = {123},
Journal = {\aj},
Keywords = {methods: data analysis, methods: miscellaneous, methods: statistical, reference systems, Astrophysics - Instrumentation and Methods for Astrophysics},
Month = Sep,
Pages = {123},
Primaryclass = {astro-ph.IM},
Title = {{The Astropy Project: Building an Open-science Project and Status of the v2.0 Core Package}},
Volume = {156},
Year = 2018,
Bdsk-Url-1 = {https://doi.org/10.3847/1538-3881/aabc4f}}

@ARTICLE{Kenworthy15b,
   author = {{Kenworthy}, M.~A. and {Mamajek}, E.~E.},
    title = "{Modeling Giant Extrasolar Ring Systems in Eclipse and the
Case of J1407b: Sculpting by Exomoons?}",
  journal = {\apj},
archivePrefix = "arXiv",
   eprint = {1501.05652},
 primaryClass = "astro-ph.SR",
 keywords = {eclipses, planets and satellites: rings, protoplanetary
disks, stars: individual: 1SWASP J140747.93-394542.6, techniques: high
angular resolution },
     year = 2015,
    month = feb,
   volume = 800,
      eid = {126},
    pages = {126},
      doi = {10.1088/0004-637X/800/2/126},
   adsurl = {http://adsabs.harvard.edu/abs/2015ApJ...800..126K},
  adsnote = {Provided by the SAO/NASA Astrophysics Data System}
}

@ARTICLE{vanWerkhoven14,
   author = {{van Werkhoven}, T.~I.~M. and {Kenworthy}, M.~A. and
{Mamajek}, E.~E.
    },
    title = "{Analysis of 1SWASP J140747.93-394542.6 eclipse
fine-structure: hints of exomoons}",
  journal = {\mnras},
 keywords = {planets and satellites: formation, planets and satellites:
rings, binaries: eclipsing, planetary systems, stars: individual: 1SWASP
J140747.93-394542.6 (ASAS J140748-3945.7)},
     year = 2014,
    month = jul,
   volume = 441,
    pages = {2845-2854},
      doi = {10.1093/mnras/stu725},
   adsurl = {http://adsabs.harvard.edu/abs/2014MNRAS.441.2845V},
  adsnote = {Provided by the SAO/NASA Astrophysics Data System}
}


@ARTICLE{Zanazzi17,
   author = {{Zanazzi}, J.~J. and {Lai}, D.},
    title = "{Extended transiting discs and rings around planets and
brown dwarfs: theoretical constraints}",
  journal = {\mnras},
archivePrefix = "arXiv",
   eprint = {1605.02365},
 primaryClass = "astro-ph.EP",
 keywords = {planets and satellites: detection, planets and satellites:
dynamical evolution and stability, planets and satellites: rings,
planet-disc interactions},
     year = 2017,
    month = feb,
   volume = 464,
    pages = {3945-3954},
      doi = {10.1093/mnras/stw2629},
   adsurl = {http://adsabs.harvard.edu/abs/2017MNRAS.464.3945Z},
  adsnote = {Provided by the SAO/NASA Astrophysics Data System}
}

@ARTICLE{Min05,
   author = {{Min}, M. and {Hovenier}, J.~W. and {de Koter}, A.},
    title = "{Modeling optical properties of cosmic dust grains using a
distribution of hollow spheres}",
  journal = {\aap},
   eprint = {astro-ph/0503068},
 keywords = {polarisation, scattering, stars: circumstellar matter,
infrared: general},
     year = 2005,
    month = mar,
   volume = 432,
    pages = {909-920},
      doi = {10.1051/0004-6361:20041920},
   adsurl = {http://adsabs.harvard.edu/abs/2005A%26A...432..909M},
  adsnote = {Provided by the SAO/NASA Astrophysics Data System}
}


@ARTICLE{Min09,
   author = {{Min}, M. and {Dullemond}, C.~P. and {Dominik}, C. and {de
Koter}, A. and
        {Hovenier}, J.~W.},
    title = "{Radiative transfer in very optically thick circumstellar
disks}",
  journal = {\aap},
archivePrefix = "arXiv",
   eprint = {0902.3092},
 primaryClass = "astro-ph.IM",
 keywords = {radiative transfer, diffusion, stars: circumstellar
matter},
     year = 2009,
    month = apr,
   volume = 497,
    pages = {155-166},
      doi = {10.1051/0004-6361/200811470},
   adsurl = {http://adsabs.harvard.edu/abs/2009A%26A...497..155M},
  adsnote = {Provided by the SAO/NASA Astrophysics Data System}
}


@incollection{Tiscareno13,
   author = {{Tiscareno}, M.~S.},
    title = "{Planetary Rings}",
 keywords = {Physics},
booktitle = {Planets, Stars and Stellar Systems.~Volume 3: Solar and
Stellar Planetary Systems},
publisher = {Springer Science and Business Media},
     year = 2013,
   editor = {{Oswalt}, T.~D. and {French}, L.~M. and {Kalas}, P.},
    pages = {309},
      doi = {10.1007/978-94-007-5606-9_7},
   adsurl = {http://adsabs.harvard.edu/abs/2013pss3.book..309T},
  adsnote = {Provided by the SAO/NASA Astrophysics Data System}
}




@ARTICLE{Rieder16,
   author = {{Rieder}, S. and {Kenworthy}, M.~A.},
    title = "{Constraints on the size and dynamics of the J1407b ring system}",
  journal = {\aap},
archivePrefix = "arXiv",
   eprint = {1609.08485},
 primaryClass = "astro-ph.EP",
 keywords = {planets and satellites: dynamical evolution and stability - planets and satellites: rings},
     year = 2016,
    month = nov,
   volume = 596,
      eid = {A9},
    pages = {A9},
      doi = {10.1051/0004-6361/201629567},
   adsurl = {http://adsabs.harvard.edu/abs/2016A%26A...596A...9R},
  adsnote = {Provided by the SAO/NASA Astrophysics Data System}
}



@ARTICLE{Kenworthy15,
   author = {{Kenworthy}, M.~A. and {Lacour}, S. and {Kraus}, A. and
{Triaud}, A.~H.~M.~J. and
    {Mamajek}, E.~E. and {Scott}, E.~L. and {S{\'e}gransan}, D. and
    {Ireland}, M. and {Hambsch}, F.-J. and {Reichart}, D.~E. and
    {Haislip}, J.~B. and {LaCluyze}, A.~P. and {Moore}, J.~P. and
    {Frank}, N.~R.},
    title = "{Mass and period limits on the ringed companion transiting
the young star J1407}",
  journal = {\mnras},
archivePrefix = "arXiv",
   eprint = {1410.6577},
 primaryClass = "astro-ph.SR",
 keywords = {planets and satellites: formation, planets and satellites:
rings, binaries: eclipsing, stars: individual: 1SWASP
J140747.93-394542.6 (ASAS J140748-3945.7), planetary systems},
     year = 2015,
    month = jan,
   volume = 446,
    pages = {411-427},
      doi = {10.1093/mnras/stu2067},
   adsurl = {http://adsabs.harvard.edu/abs/2015MNRAS.446..411K},
  adsnote = {Provided by the SAO/NASA Astrophysics Data System}
}


@ARTICLE{Mentel18,
       author = {{Mentel}, R.~T. and {Kenworthy}, M.~A. and {Cameron}, D.~A. and {Scott},
        E.~L. and {Mellon}, S.~N. and {Hudec}, R. and {Birkby}, J.~L.
        and {Mamajek}, E.~E. and {Schrimpf}, A. and {Reichart}, D.~E.
        and {Haislip}, J.~B. and {Kouprianov}, V.~V. and {Hambsch}, F.
        -J. and {Tan}, T. -G. and {Hills}, K. and {Grindlay}, J.~E. and
        {Rodriguez}, J.~E. and {Lund}, M.~B. and {Kuhn}, R.~B.},
        title = "{Constraining the period of the ringed secondary companion to the young
        star J1407 with photographic plates}",
      journal = {\aap},
     keywords = {planetary systems, planets and satellites: dynamical evolution and
        stability, planets and satellites: rings, telescopes,
        Astrophysics - Earth and Planetary Astrophysics},
         year = 2018,
        month = Nov,
       volume = {619},
          eid = {A157},
        pages = {A157},
          doi = {10.1051/0004-6361/201834004},
archivePrefix = {arXiv},
       eprint = {1810.05171},
 primaryClass = {astro-ph.EP},
       adsurl = {https://ui.adsabs.harvard.edu/\#abs/2018A&A...619A.157M},
      adsnote = {Provided by the SAO/NASA Astrophysics Data System}
}


@ARTICLE{Mamajek12,
   author = {{Mamajek}, E.~E. and {Quillen}, A.~C. and {Pecaut}, M.~J.
and
    {Moolekamp}, F. and {Scott}, E.~L. and {Kenworthy}, M.~A. and
    {Collier Cameron}, A. and {Parley}, N.~R.},
    title = "{Planetary Construction Zones in Occultation: Discovery of
an Extrasolar Ring System Transiting a Young Sun-like Star and Future
Prospects for Detecting Eclipses by Circumsecondary and Circumplanetary
Disks}",
  journal = {\aj},
archivePrefix = "arXiv",
   eprint = {1108.4070},
 primaryClass = "astro-ph.SR",
 keywords = {binaries: eclipsing, planetary systems, planets and
satellites: formation, planets and satellites: rings, stars: individual:
1SWASP J140747.93{\ndash}394542.6 ASAS J140748{\ndash}3945.7, stars:
pre-main sequence},
     year = 2012,
    month = mar,
   volume = 143,
      eid = {72},
    pages = {72},
      doi = {10.1088/0004-6256/143/3/72},
   adsurl = {http://adsabs.harvard.edu/abs/2012AJ....143...72M},
  adsnote = {Provided by the SAO/NASA Astrophysics Data System}
}


@ARTICLE{Kenworthy12,
   author = {{Kenworthy}, M.~A. and {Scuderi}, L.~J.},
    title = "{Infrared Variability of the Gliese 569B System}",
  journal = {\apj},
archivePrefix = "arXiv",
   eprint = {1204.3454},
 primaryClass = "astro-ph.SR",
 keywords = {binaries: close, brown dwarfs, stars: individual: GJ569,
stars: low-mass},
     year = 2012,
    month = jun,
   volume = 752,
      eid = {131},
    pages = {131},
      doi = {10.1088/0004-637X/752/2/131},
   adsurl = {http://adsabs.harvard.edu/abs/2012ApJ...752..131K},
  adsnote = {Provided by the SAO/NASA Astrophysics Data System}
}

@INPROCEEDINGS{McMullin07,
   author = {{McMullin}, J.~P. and {Waters}, B. and {Schiebel}, D. and {Young}, W. and 
	{Golap}, K.},
    title = "{CASA Architecture and Applications}",
booktitle = {Astronomical Data Analysis Software and Systems XVI},
     year = 2007,
   series = {Astronomical Society of the Pacific Conference Series},
   volume = 376,
   editor = {{Shaw}, R.~A. and {Hill}, F. and {Bell}, D.~J.},
    month = oct,
    pages = {127},
   adsurl = {http://adsabs.harvard.edu/abs/2007ASPC..376..127M},
  adsnote = {Provided by the SAO/NASA Astrophysics Data System}
}

@ARTICLE{Kasper09,
       author = {{Kasper}, Markus and {Amico}, Paola and {Pompei}, Emanuela and
         {Ageorges}, Nancy and {Apai}, Daniel and {Argomedo}, Javier and
         {Kornweibel}, Nick and {Lidman}, Chris},
        title = "{Direct Imaging of Exoplanets and Brown Dwarfs with the VLT: NACO Pupil-stabilised Lyot Coronagraphy at 4 {\textmu}m}",
      journal = {The Messenger},
         year = "2009",
        month = "Sep",
       volume = {137},
        pages = {8-13},
       adsurl = {https://ui.adsabs.harvard.edu/abs/2009Msngr.137....8K},
      adsnote = {Provided by the SAO/NASA Astrophysics Data System}
}

@ARTICLE{Stolker19,
       author = {{Stolker}, T. and {Bonse}, M.~J. and {Quanz}, S.~P. and {Amara}, A. and
         {Cugno}, G. and {Bohn}, A.~J. and {Boehle}, A.},
        title = "{PynPoint: a modular pipeline architecture for processing and analysis of high-contrast imaging data}",
      journal = {\aap},
     keywords = {methods: data analysis, techniques: high angular resolution, techniques: image processing, planets and satellites: detection, Astrophysics - Earth and Planetary Astrophysics, Astrophysics - Instrumentation and Methods for Astrophysics},
         year = "2019",
        month = "Jan",
       volume = {621},
          eid = {A59},
        pages = {A59},
          doi = {10.1051/0004-6361/201834136},
archivePrefix = {arXiv},
       eprint = {1811.03336},
 primaryClass = {astro-ph.EP},
       adsurl = {https://ui.adsabs.harvard.edu/abs/2019A&A...621A..59S},
      adsnote = {Provided by the SAO/NASA Astrophysics Data System}
}

